<?xml version="1.0" encoding="UTF-8"?><collection xmlns="http://www.loc.gov/MARC21/slim"><record><leader>00614nam--2200205-i-4500</leader><controlfield tag="001">000029456</controlfield><controlfield tag="002">20161230</controlfield><controlfield tag="005">20161230201037</controlfield><controlfield tag="008">060222s1000------------r-----000-0-fre-d</controlfield><datafield ind1=" " ind2=" " tag="040"><subfield code="a">IFIN-HH</subfield></datafield><datafield ind1=" " ind2=" " tag="041"><subfield code="a">fre</subfield></datafield><datafield ind1=" " ind2=" " tag="080"><subfield code="a">539.16.08</subfield></datafield><datafield ind1="1" ind2=" " tag="100"><subfield code="a">Laborde,  Albert</subfield></datafield><datafield ind1="1" ind2="0" tag="245"><subfield code="a">Methodes de mesure employees en radioactivite</subfield><subfield code="c">Albert laborde</subfield></datafield><datafield ind1=" " ind2=" " tag="260"><subfield code="a">Paris,, 170p</subfield><subfield code="b">Gauthier-villars, Masson Et Cie, Editeurs</subfield><subfield code="c">/F.A.</subfield></datafield><datafield ind1=" " ind2=" " tag="300"><subfield code="a">170P</subfield></datafield><datafield ind1=" " ind2=" " tag="490"><subfield code="a">Encyclopedie Scientifique Des Aide-memoire</subfield></datafield><datafield ind1=" " ind2=" " tag="500"><subfield code="a">Nota: E.Giurgea Le 23 Nov. 1911</subfield></datafield><datafield ind1=" " ind2=" " tag="852"><subfield code="a">2025</subfield><subfield code="c">5391.07:539.1.08</subfield></datafield><datafield ind1=" " ind2=" " tag="CAT"><subfield code="a">Sys</subfield><subfield code="c">20111014</subfield><subfield code="h">124737</subfield></datafield></record></collection>